<record><leader>00000cas a22000007a 4500</leader><controlfield tag="001">10839283</controlfield><controlfield tag="008">840613d19711979nyuwr ne      0    0eng d</controlfield><datafield ind1=" " ind2=" " tag="010"><subfield code="a">sn 84031310 </subfield></datafield><datafield ind1=" " ind2=" " tag="040"><subfield code="a">NYG</subfield><subfield code="b">eng</subfield><subfield code="c">NYG</subfield><subfield code="d">NPX</subfield><subfield code="d">NYG</subfield><subfield code="d">NYS</subfield><subfield code="d">OCLCQ</subfield></datafield><datafield ind1=" " ind2=" " tag="042"><subfield code="a">msc</subfield></datafield><datafield ind1="0" ind2="0" tag="245"><subfield code="a">Republican watchman news.</subfield></datafield><datafield ind1="1" ind2="3" tag="246"><subfield code="a">Watchman news</subfield></datafield><datafield ind1=" " ind2=" " tag="260"><subfield code="a">Monticello, N.Y. :</subfield><subfield code="b">[Southern New York Publishers],</subfield><subfield code="c">1971-1979.</subfield></datafield><datafield ind1=" " ind2=" " tag="300"><subfield code="a">v. :</subfield><subfield code="b">ill.</subfield></datafield><datafield ind1=" " ind2=" " tag="310"><subfield code="a">Weekly</subfield></datafield><datafield ind1="0" ind2=" " tag="362"><subfield code="a">Vol. 145, no. 15 (Jan. 21, 1971)-v. 152, no. 30 (May 17, 1979).</subfield></datafield><datafield ind1=" " ind2=" " tag="500"><subfield code="a">Editor: Arthur Sugarman, 1971-&lt;1976&gt;.</subfield></datafield><datafield ind1=" " ind2="4" tag="651"><subfield code="a">Monticello (N.Y.)</subfield><subfield code="v">Newspapers.</subfield></datafield><datafield ind1=" " ind2=" " tag="752"><subfield code="a">United States</subfield><subfield code="b">New York</subfield><subfield code="c">Sullivan</subfield><subfield code="d">Monticello.</subfield></datafield><datafield ind1="0" ind2="4" tag="780"><subfield code="t">Republican watchman (Monticello, N.Y. : 1866)</subfield><subfield code="w">(DLC)sn 96083521</subfield><subfield code="w">(OCoLC)34729180</subfield></datafield><datafield ind1="0" ind2="4" tag="780"><subfield code="t">Evening news (Monticello, N.Y.)</subfield><subfield code="w">(DLC)sn 87070063</subfield><subfield code="w">(OCoLC)15989953</subfield></datafield><datafield ind1="0" ind2="0" tag="785"><subfield code="t">Republican watchman (Monticello, N.Y. : 1979)</subfield><subfield code="w">(OCoLC)22460798</subfield></datafield><datafield ind1="1" ind2=" " tag="029"><subfield code="a">AU@</subfield><subfield code="b">000020344713</subfield></datafield></record>